
@misc{Manual,
    title     = "Microeletronic Circuits, SEDRA A., 8th Edition",
    addendum = "(acedido: 27/09/2023)",
    keywords = "física"
}


@misc{Diodo,
    title     = "5mm Infrared LED ,T-1 3/4
SIR333-A",
    addendum = "(acedido: 07/10/2023)",
    keywords = "física"
}

@misc{Site,
    title    = "https://sites.google.com/tecnico.ulisboa.pt/fitteia",
    addendum = "(acedido: 04/10/2023)",
    keywords = "física"
}

@misc{Site2,
    title     = "Fitteia",
    addendum = "https://fenix.tecnico.ulisboa.pt/disciplinas/EGer-2/2023-2024/1-semestre (acedido: 05/10/2023)",
    keywords = "física"
}